%\citet{jon90} --> Jones et al. (1990)
%\citep{jon90} --> (Jones et al., 1990)
%\citet*{jon90} --> Jones, Baker, and Williams (1990)
%\citep*{jon90} --> (Jones, Baker, and Williams, 1990)

@ARTICLE{2016Natur.538..483T,
   author = {{Tobin}, J.~J. and {Kratter}, K.~M. and {Persson}, M.~V. and 
  {Looney}, L.~W. and {Dunham}, M.~M. and {Segura-Cox}, D. and 
  {Li}, Z.-Y. and {Chandler}, C.~J. and {Sadavoy}, S.~I. and {Harris}, R.~J. and 
  {Melis}, C. and {P{\'e}rez}, L.~M.},
    title = "{A triple protostar system formed via fragmentation of a gravitationally unstable disk}",
  journal = {\nat},
archivePrefix = "arXiv",
   eprint = {1610.08524},
 primaryClass = "astro-ph.SR",
     year = 2016,
    month = oct,
   volume = 538,
    pages = {483-486},
      doi = {10.1038/nature20094},
   adsurl = {http://adsabs.harvard.edu/abs/2016Natur.538..483T},
  adsnote = {Provided by the SAO/NASA Astrophysics Data System}
}

@ARTICLE{2014prpl.conf...27A,
   author = {{Andr{\'e}}, P. and {Di Francesco}, J. and {Ward-Thompson}, D. and 
  {Inutsuka}, S.-I. and {Pudritz}, R.~E. and {Pineda}, J.~E.},
    title = "{From Filamentary Networks to Dense Cores in Molecular Clouds: Toward a New Paradigm for Star Formation}",
  journal = {Protostars and Planets VI},
archivePrefix = "arXiv",
   eprint = {1312.6232},
     year = 2014,
    pages = {27-51},
      doi = {10.2458/azu_uapress_9780816531240-ch002},
   adsurl = {http://adsabs.harvard.edu/abs/2014prpl.conf...27A},
  adsnote = {Provided by the SAO/NASA Astrophysics Data System}
}

@ARTICLE{2013ApJ...771..129A,
   author = {{Andrews}, S.~M. and {Rosenfeld}, K.~A. and {Kraus}, A.~L. and 
  {Wilner}, D.~J.},
    title = "{The Mass Dependence between Protoplanetary Disks and their Stellar Hosts}",
  journal = {\apj},
archivePrefix = "arXiv",
   eprint = {1305.5262},
 primaryClass = "astro-ph.SR",
 keywords = {protoplanetary disks, submillimeter: planetary systems },
     year = 2013,
    month = jul,
   volume = 771,
      eid = {129},
    pages = {129},
      doi = {10.1088/0004-637X/771/2/129},
   adsurl = {http://adsabs.harvard.edu/abs/2013ApJ...771..129A},
  adsnote = {Provided by the SAO/NASA Astrophysics Data System}
}

@ARTICLE{2016ApJ...828...46A,
   author = {{Ansdell}, M. and {Williams}, J.~P. and {van der Marel}, N. and 
  {Carpenter}, J.~M. and {Guidi}, G. and {Hogerheijde}, M. and 
  {Mathews}, G.~S. and {Manara}, C.~F. and {Miotello}, A. and 
  {Natta}, A. and {Oliveira}, I. and {Tazzari}, M. and {Testi}, L. and 
  {van Dishoeck}, E.~F. and {van Terwisga}, S.~E.},
    title = "{ALMA Survey of Lupus Protoplanetary Disks. I. Dust and Gas Masses}",
  journal = {\apj},
archivePrefix = "arXiv",
   eprint = {1604.05719},
 primaryClass = "astro-ph.EP",
 keywords = {circumstellar matter, planets and satellites: formation, protoplanetary disks, stars: formation, stars: late-type, stars: protostars},
     year = 2016,
    month = sep,
   volume = 828,
      eid = {46},
    pages = {46},
      doi = {10.3847/0004-637X/828/1/46},
   adsurl = {http://adsabs.harvard.edu/abs/2016ApJ...828...46A},
  adsnote = {Provided by the SAO/NASA Astrophysics Data System}
}

@ARTICLE{2006ApJ...646.1070A,
   author = {{Arce}, H.~G. and {Sargent}, A.~I.},
    title = "{The Evolution of Outflow-Envelope Interactions in Low-Mass Protostars}",
  journal = {\apj},
   eprint = {astro-ph/0605139},
 keywords = {ISM: Evolution, ISM: Jets and Outflows, ISM: Molecules, Stars: Formation, Stars: Pre-Main-Sequence},
     year = 2006,
    month = aug,
   volume = 646,
    pages = {1070-1085},
      doi = {10.1086/505104},
   adsurl = {http://adsabs.harvard.edu/abs/2006ApJ...646.1070A},
  adsnote = {Provided by the SAO/NASA Astrophysics Data System}
}

@ARTICLE{2012MNRAS.419.3115B,
   author = {{Bate}, M.~R.},
    title = "{Stellar, brown dwarf and multiple star properties from a radiation hydrodynamical simulation of star cluster formation}",
  journal = {\mnras},
archivePrefix = "arXiv",
   eprint = {1110.1092},
 primaryClass = "astro-ph.SR",
 keywords = {hydrodynamics, radiative transfer, binaries: general, stars: formation, stars: low-mass, stars: luminosity function, mass function},
     year = 2012,
    month = feb,
   volume = 419,
    pages = {3115-3146},
      doi = {10.1111/j.1365-2966.2011.19955.x},
   adsurl = {http://adsabs.harvard.edu/abs/2012MNRAS.419.3115B},
  adsnote = {Provided by the SAO/NASA Astrophysics Data System}
}

@ARTICLE{2015MNRAS.448.1007B,
   author = {{Behrendt}, M. and {Burkert}, A. and {Schartmann}, M.},
    title = "{Structure formation in gas-rich galactic discs with finite thickness: from discs to rings}",
  journal = {\mnras},
archivePrefix = "arXiv",
   eprint = {1408.5902},
 keywords = {hydrodynamics, instabilities, methods: numerical, galaxies: evolution, galaxies: high-redshift, galaxies: structure},
     year = 2015,
    month = mar,
   volume = 448,
    pages = {1007-1019},
      doi = {10.1093/mnras/stv027},
   adsurl = {http://adsabs.harvard.edu/abs/2015MNRAS.448.1007B},
  adsnote = {Provided by the SAO/NASA Astrophysics Data System}
}

@BOOK{2008gady.book.....B,
   author = {{Binney}, J. and {Tremaine}, S.},
    title = "{Galactic Dynamics: Second Edition}",
booktitle = {Galactic Dynamics: Second Edition, by James Binney and Scott Tremaine.~ISBN 978-0-691-13026-2 (HB).~Published by Princeton University Press, Princeton, NJ USA, 2008.},
     year = 2008,
publisher = {Princeton University Press},
   adsurl = {http://adsabs.harvard.edu/abs/2008gady.book.....B},
  adsnote = {Provided by the SAO/NASA Astrophysics Data System}
}

@ARTICLE{1978ApJ...224..132B,
   author = {{Bohlin}, R.~C. and {Savage}, B.~D. and {Drake}, J.~F.},
    title = "{A survey of interstellar H I from L-alpha absorption measurements. II}",
  journal = {\apj},
 keywords = {Hydrogen Clouds, Interstellar Gas, Lyman Alpha Radiation, Molecular Absorption, Ultraviolet Spectra, Abundance, Hydrogen Atoms, Interstellar Extinction, Neutral Particles, Oao 2, Satellite Observation},
     year = 1978,
    month = aug,
   volume = 224,
    pages = {132-142},
      doi = {10.1086/156357},
   adsurl = {http://adsabs.harvard.edu/abs/1978ApJ...224..132B},
  adsnote = {Provided by the SAO/NASA Astrophysics Data System}
}

@ARTICLE{2009ApJ...692..973E,
   author = {{Enoch}, M.~L. and {Evans}, II, N.~J. and {Sargent}, A.~I. and 
  {Glenn}, J.},
    title = "{Properties of the Youngest Protostars in Perseus, Serpens, and Ophiuchus}",
  journal = {\apj},
archivePrefix = "arXiv",
   eprint = {0809.4012},
 keywords = {infrared: ISM, ISM: clouds, ISM: individual: Perseus Serpens Ophiuchus, stars: formation, submillimeter},
     year = 2009,
    month = feb,
   volume = 692,
    pages = {973-997},
      doi = {10.1088/0004-637X/692/2/973},
   adsurl = {http://adsabs.harvard.edu/abs/2009ApJ...692..973E},
  adsnote = {Provided by the SAO/NASA Astrophysics Data System}
}

@ARTICLE{2018ApJ...856..164T,
   author = {{Tobin}, J.~J. and {Bos}, S.~P. and {Dunham}, M.~M. and {Bourke}, T.~L. and 
  {van der Marel}, N.},
    title = "{The Envelope Kinematics and a Possible Disk around the Class 0 Protostar within BHR7}",
  journal = {\apj},
archivePrefix = "arXiv",
   eprint = {1802.08277},
 primaryClass = "astro-ph.SR",
 keywords = {ISM: individual objects: BHR7, ISM: jets and outflows, ISM: molecules, stars: formation, stars: protostars},
     year = 2018,
    month = apr,
   volume = 856,
      eid = {164},
    pages = {164},
      doi = {10.3847/1538-4357/aaafc7},
   adsurl = {http://adsabs.harvard.edu/abs/2018ApJ...856..164T},
  adsnote = {Provided by the SAO/NASA Astrophysics Data System}
}

@ARTICLE{2016Natur.538..483T,
   author = {{Tobin}, J.~J. and {Kratter}, K.~M. and {Persson}, M.~V. and 
  {Looney}, L.~W. and {Dunham}, M.~M. and {Segura-Cox}, D. and 
  {Li}, Z.-Y. and {Chandler}, C.~J. and {Sadavoy}, S.~I. and {Harris}, R.~J. and 
  {Melis}, C. and {P{\'e}rez}, L.~M.},
    title = "{A triple protostar system formed via fragmentation of a gravitationally unstable disk}",
  journal = {\nat},
archivePrefix = "arXiv",
   eprint = {1610.08524},
 primaryClass = "astro-ph.SR",
     year = 2016,
    month = oct,
   volume = 538,
    pages = {483-486},
      doi = {10.1038/nature20094},
   adsurl = {http://adsabs.harvard.edu/abs/2016Natur.538..483T},
  adsnote = {Provided by the SAO/NASA Astrophysics Data System}
}

@ARTICLE{1994AA...291..943O,
   author = {{Ossenkopf}, V. and {Henning}, T.},
    title = "{Dust opacities for protostellar cores}",
  journal = {\aap},
 keywords = {Coagulation, Dust, Opacity, Protostars, Star Formation, Stellar Cores, Stellar Models, Absorptivity, Gas Density, Infrared Astronomy, Interstellar Extinction, Optical Properties, Radio Astronomy, Stellar Composition},
     year = 1994,
    month = nov,
   volume = 291,
    pages = {943-959},
   adsurl = {http://adsabs.harvard.edu/abs/1994A%26A...291..943O},
  adsnote = {Provided by the SAO/NASA Astrophysics Data System}
}

@ARTICLE{1987ARAA..25...23S,
   author = {{Shu}, F.~H. and {Adams}, F.~C. and {Lizano}, S.},
    title = "{Star formation in molecular clouds - Observation and theory}",
  journal = {\araa},
 keywords = {Astrophysics, Molecular Clouds, Star Formation, Stellar Models, Astronomical Maps, Binary Stars, Gravitational Collapse, Protostars, Star Clusters, Stellar Mass},
     year = 1987,
   volume = 25,
    pages = {23-81},
      doi = {10.1146/annurev.aa.25.090187.000323},
   adsurl = {http://adsabs.harvard.edu/abs/1987ARA%26A..25...23S},
  adsnote = {Provided by the SAO/NASA Astrophysics Data System}
}

@ARTICLE{2016ApJ...818...73T,
   author = {{Tobin}, J.~J. and {Looney}, L.~W. and {Li}, Z.-Y. and {Chandler}, C.~J. and 
  {Dunham}, M.~M. and {Segura-Cox}, D. and {Sadavoy}, S.~I. and 
  {Melis}, C. and {Harris}, R.~J. and {Kratter}, K. and {Perez}, L.
  },
    title = "{The VLA Nascent Disk and Multiplicity Survey of Perseus Protostars (VANDAM). II. Multiplicity of Protostars in the Perseus Molecular Cloud}",
  journal = {\apj},
archivePrefix = "arXiv",
   eprint = {1601.00692},
 primaryClass = "astro-ph.SR",
 keywords = {binaries: close, planetary systems, protoplanetary disks, stars: formation, stars: protostars, techniques: interferometric},
     year = 2016,
    month = feb,
   volume = 818,
      eid = {73},
    pages = {73},
      doi = {10.3847/0004-637X/818/1/73},
   adsurl = {http://adsabs.harvard.edu/abs/2016ApJ...818...73T},
  adsnote = {Provided by the SAO/NASA Astrophysics Data System}
}

@ARTICLE{2009MNRAS.392..413S,
   author = {{Stamatellos}, D. and {Whitworth}, A.~P.},
    title = "{The properties of brown dwarfs and low-mass hydrogen-burning stars formed by disc fragmentation}",
  journal = {\mnras},
archivePrefix = "arXiv",
   eprint = {0810.1687},
 keywords = {accretion, accretion discs , hydrodynamics , radiative transfer , methods: numerical , stars: formation , stars: low-mass, brown dwarfs},
     year = 2009,
    month = jan,
   volume = 392,
    pages = {413-427},
      doi = {10.1111/j.1365-2966.2008.14069.x},
   adsurl = {http://adsabs.harvard.edu/abs/2009MNRAS.392..413S},
  adsnote = {Provided by the SAO/NASA Astrophysics Data System}
}

@ARTICLE{2016MNRAS.459.1892S,
   author = {{Seifried}, D. and {S{\'a}nchez-Monge}, {\'A}. and {Walch}, S. and 
  {Banerjee}, R.},
    title = "{Revealing the dynamics of Class 0 protostellar discs with ALMA}",
  journal = {\mnras},
archivePrefix = "arXiv",
   eprint = {1601.02384},
 primaryClass = "astro-ph.SR",
 keywords = {accretion, accretion discs, MHD, methods: numerical, methods: observational, techniques: interferometric, stars: formation},
     year = 2016,
    month = jun,
   volume = 459,
    pages = {1892-1906},
      doi = {10.1093/mnras/stw785},
   adsurl = {http://adsabs.harvard.edu/abs/2016MNRAS.459.1892S},
  adsnote = {Provided by the SAO/NASA Astrophysics Data System}
}

@ARTICLE{2017ApJ...851...45S,
   author = {{Sheehan}, P.~D. and {Eisner}, J.~A.},
    title = "{Disk Masses for Embedded Class I Protostars in the Taurus Molecular Cloud}",
  journal = {\apj},
archivePrefix = "arXiv",
   eprint = {1712.02378},
 primaryClass = "astro-ph.SR",
 keywords = {protoplanetary disks, stars: formation},
     year = 2017,
    month = dec,
   volume = 851,
      eid = {45},
    pages = {45},
      doi = {10.3847/1538-4357/aa9990},
   adsurl = {http://adsabs.harvard.edu/abs/2017ApJ...851...45S},
  adsnote = {Provided by the SAO/NASA Astrophysics Data System}
}

@ARTICLE{2014ApJ...787L..18S,
   author = {{Sadavoy}, S.~I. and {Di Francesco}, J. and {Andr{\'e}}, P. and 
  {Pezzuto}, S. and {Bernard}, J.-P. and {Maury}, A. and {Men'shchikov}, A. and 
  {Motte}, F. and {Nguyen-Lu'o'ng}, Q. and {Schneider}, N. and 
  {Arzoumanian}, D. and {Benedettini}, M. and {Bontemps}, S. and 
  {Elia}, D. and {Hennemann}, M. and {Hill}, T. and {K{\"o}nyves}, V. and 
  {Louvet}, F. and {Peretto}, N. and {Roy}, A. and {White}, G.~J.
  },
    title = "{Class 0 Protostars in the Perseus Molecular Cloud: A Correlation Between the Youngest Protostars and the Dense Gas Distribution}",
  journal = {\apjl},
archivePrefix = "arXiv",
   eprint = {1404.7142},
 primaryClass = "astro-ph.SR",
 keywords = {dust, extinction, ISM: individual objects: Perseus, stars: formation, stars: protostars},
     year = 2014,
    month = jun,
   volume = 787,
      eid = {L18},
    pages = {L18},
      doi = {10.1088/2041-8205/787/2/L18},
   adsurl = {http://adsabs.harvard.edu/abs/2014ApJ...787L..18S},
  adsnote = {Provided by the SAO/NASA Astrophysics Data System}
}

@ARTICLE{2014ApJ...796..131O,
   author = {{Ohashi}, N. and {Saigo}, K. and {Aso}, Y. and {Aikawa}, Y. and 
  {Koyamatsu}, S. and {Machida}, M.~N. and {Saito}, M. and {Takahashi}, S.~Z. and 
  {Takakuwa}, S. and {Tomida}, K. and {Tomisaka}, K. and {Yen}, H.-W.
  },
    title = "{Formation of a Keplerian Disk in the Infalling Envelope around L1527 IRS: Transformation from Infalling Motions to Kepler Motions}",
  journal = {\apj},
archivePrefix = "arXiv",
   eprint = {1410.0172},
 keywords = {circumstellar matter, stars: individual: L1527 IRS, stars: low-mass, stars: protostars},
     year = 2014,
    month = dec,
   volume = 796,
      eid = {131},
    pages = {131},
      doi = {10.1088/0004-637X/796/2/131},
   adsurl = {http://adsabs.harvard.edu/abs/2014ApJ...796..131O},
  adsnote = {Provided by the SAO/NASA Astrophysics Data System}
}

@ARTICLE{2018arXiv180803499O,
   author = {{Ortiz-Le{\'o}n}, G.~N. and {Loinard}, L. and {Dzib}, S.~A. and 
  {Galli}, P.~A.~B. and {Kounkel}, M. and {Mioduszewski}, A.~J. and 
  {Rodr{\'{\i}}guez}, L.~F. and {Torres}, R.~M. and {Hartmann}, L. and 
  {Boden}, A.~F. and {Evans}, II, N.~J. and {Brice{\~n}o}, C. and 
  {Tobin}, J.~J.},
    title = "{The Gould's Belt Distances Survey (GOBELINS). V. Distances and Kinematics of the Perseus molecular cloud}",
  journal = {ArXiv e-prints},
archivePrefix = "arXiv",
   eprint = {1808.03499},
 primaryClass = "astro-ph.SR",
 keywords = {Astrophysics - Solar and Stellar Astrophysics, Astrophysics - Astrophysics of Galaxies},
     year = 2018,
    month = aug,
   adsurl = {http://adsabs.harvard.edu/abs/2018arXiv180803499O},
  adsnote = {Provided by the SAO/NASA Astrophysics Data System}
}

@ARTICLE{2018ApJ...856..147O,
   author = {{Ohashi}, S. and {Sanhueza}, P. and {Sakai}, N. and {Kandori}, R. and 
  {Choi}, M. and {Hirota}, T. and {Nguy{\#7877}n-Lu'o'ng}, Q. and 
  {Tatematsu}, K.},
    title = "{Gravitationally Unstable Condensations Revealed by ALMA in the TUKH122 Prestellar Core in the Orion A Cloud}",
  journal = {\apj},
archivePrefix = "arXiv",
   eprint = {1803.03340},
 keywords = {ISM: clouds, ISM: individual objects: Orion Nebula, Orion Molecular Cloud, ISM: molecules, ISM: structure, stars: formation},
     year = 2018,
    month = apr,
   volume = 856,
      eid = {147},
    pages = {147},
      doi = {10.3847/1538-4357/aab3d0},
   adsurl = {http://adsabs.harvard.edu/abs/2018ApJ...856..147O},
  adsnote = {Provided by the SAO/NASA Astrophysics Data System}
}

@ARTICLE{2012MNRAS.420L..53O,
   author = {{Offner}, S.~S.~R. and {Capodilupo}, J. and {Schnee}, S. and 
  {Goodman}, A.~A.},
    title = "{Observing turbulent fragmentation in simulations: predictions for CARMA and ALMA}",
  journal = {\mnras},
archivePrefix = "arXiv",
   eprint = {1111.4209},
 primaryClass = "astro-ph.SR",
 keywords = {stars: protostars, stars: starless cores},
     year = 2012,
    month = feb,
   volume = 420,
    pages = {L53-L57},
      doi = {10.1111/j.1745-3933.2011.01194.x},
   adsurl = {http://adsabs.harvard.edu/abs/2012MNRAS.420L..53O},
  adsnote = {Provided by the SAO/NASA Astrophysics Data System}
}

@ARTICLE{2010ApJ...725.1485O,
   author = {{Offner}, S.~S.~R. and {Kratter}, K.~M. and {Matzner}, C.~D. and 
  {Krumholz}, M.~R. and {Klein}, R.~I.},
    title = "{The Formation of Low-mass Binary Star Systems Via Turbulent Fragmentation}",
  journal = {\apj},
archivePrefix = "arXiv",
   eprint = {1010.3702},
 primaryClass = "astro-ph.SR",
 keywords = {accretion, accretion disks, binaries: general, radiative transfer, turbulence},
     year = 2010,
    month = dec,
   volume = 725,
    pages = {1485-1494},
      doi = {10.1088/0004-637X/725/2/1485},
   adsurl = {http://adsabs.harvard.edu/abs/2010ApJ...725.1485O},
  adsnote = {Provided by the SAO/NASA Astrophysics Data System}
}

@ARTICLE{2011MNRAS.410..559M,
   author = {{Meru}, F. and {Bate}, M.~R.},
    title = "{On the fragmentation criteria of self-gravitating protoplanetary discs}",
  journal = {\mnras},
archivePrefix = "arXiv",
   eprint = {1008.0465},
 primaryClass = "astro-ph.EP",
 keywords = {accretion, accretion discs, gravitation, hydrodynamics, instabilities, planets and satellites: formation, protoplanetary discs},
     year = 2011,
    month = jan,
   volume = 410,
    pages = {559-572},
      doi = {10.1111/j.1365-2966.2010.17465.x},
   adsurl = {http://adsabs.harvard.edu/abs/2011MNRAS.410..559M},
  adsnote = {Provided by the SAO/NASA Astrophysics Data System}
}

@ARTICLE{2014prpl.conf..173L,
   author = {{Li}, Z.-Y. and {Banerjee}, R. and {Pudritz}, R.~E. and {J{\o}rgensen}, J.~K. and 
  {Shang}, H. and {Krasnopolsky}, R. and {Maury}, A.},
    title = "{The Earliest Stages of Star and Planet Formation: Core Collapse, and the Formation of Disks and Outflows}",
  journal = {Protostars and Planets VI},
archivePrefix = "arXiv",
   eprint = {1401.2219},
 primaryClass = "astro-ph.SR",
     year = 2014,
    pages = {173-194},
      doi = {10.2458/azu_uapress_9780816531240-ch008},
   adsurl = {http://adsabs.harvard.edu/abs/2014prpl.conf..173L},
  adsnote = {Provided by the SAO/NASA Astrophysics Data System}
}

@ARTICLE{2010ApJ...708.1585K,
   author = {{Kratter}, K.~M. and {Matzner}, C.~D. and {Krumholz}, M.~R. and 
  {Klein}, R.~I.},
    title = "{On the Role of Disks in the Formation of Stellar Systems: A Numerical Parameter Study of Rapid Accretion}",
  journal = {\apj},
archivePrefix = "arXiv",
   eprint = {0907.3476},
 primaryClass = "astro-ph.SR",
 keywords = {accretion, accretion disks, binaries: general, stars: formation, stars: low-mass, brown dwarfs},
     year = 2010,
    month = jan,
   volume = 708,
    pages = {1585-1597},
      doi = {10.1088/0004-637X/708/2/1585},
   adsurl = {http://adsabs.harvard.edu/abs/2010ApJ...708.1585K},
  adsnote = {Provided by the SAO/NASA Astrophysics Data System}
}

@INPROCEEDINGS{2007ASPC..376..127M,
   author = {{McMullin}, J.~P. and {Waters}, B. and {Schiebel}, D. and {Young}, W. and 
  {Golap}, K.},
    title = "{CASA Architecture and Applications}",
booktitle = {Astronomical Data Analysis Software and Systems XVI},
     year = 2007,
   series = {Astronomical Society of the Pacific Conference Series},
   volume = 376,
   editor = {{Shaw}, R.~A. and {Hill}, F. and {Bell}, D.~J.},
    month = oct,
    pages = {127},
   adsurl = {http://adsabs.harvard.edu/abs/2007ASPC..376..127M},
  adsnote = {Provided by the SAO/NASA Astrophysics Data System}
}

@ARTICLE{2010ApJ...710.1375K,
   author = {{Kratter}, K.~M. and {Murray-Clay}, R.~A. and {Youdin}, A.~N.
  },
    title = "{The Runts of the Litter: Why Planets Formed Through Gravitational Instability Can Only Be Failed Binary Stars}",
  journal = {\apj},
archivePrefix = "arXiv",
   eprint = {0909.2644},
 primaryClass = "astro-ph.EP",
 keywords = {binaries: general, brown dwarfs, planet-disk interactions, planets and satellites: formation, protoplanetary disks},
     year = 2010,
    month = feb,
   volume = 710,
    pages = {1375-1386},
      doi = {10.1088/0004-637X/710/2/1375},
   adsurl = {http://adsabs.harvard.edu/abs/2010ApJ...710.1375K},
  adsnote = {Provided by the SAO/NASA Astrophysics Data System}
}

@INPROCEEDINGS{1987IAUS..115....1L,
   author = {{Lada}, C.~J.},
    title = "{Star formation - From OB associations to protostars}",
 keywords = {B Stars, Binary Stars, O Stars, Protostars, Star Formation, Infrared Spectra, Molecular Clouds, Ophiuchi Clouds, Spectral Energy Distribution, Star Clusters, Stellar Evolution},
booktitle = {Star Forming Regions},
     year = 1987,
   series = {IAU Symposium},
   volume = 115,
   editor = {{Peimbert}, M. and {Jugaku}, J.},
    pages = {1-17},
   adsurl = {http://adsabs.harvard.edu/abs/1987IAUS..115....1L},
  adsnote = {Provided by the SAO/NASA Astrophysics Data System}
}

@ARTICLE{2007ApJ...660.1232K,
   author = {{Kim}, W.-T. and {Ostriker}, E.~C.},
    title = "{Gravitational Runaway and Turbulence Driving in Star-Gas Galactic Disks}",
  journal = {\apj},
   eprint = {astro-ph/0701755},
 keywords = {Galaxies: ISM, Galaxies: Structure, Instabilities, ISM: Kinematics and Dynamics, Galaxy: Solar Neighborhood, Stars: Formation, Stars: Kinematics},
     year = 2007,
    month = may,
   volume = 660,
    pages = {1232-1245},
      doi = {10.1086/513176},
   adsurl = {http://adsabs.harvard.edu/abs/2007ApJ...660.1232K},
  adsnote = {Provided by the SAO/NASA Astrophysics Data System}
}

@ARTICLE{2017ApJ...840...69F,
   author = {{Fischer}, W.~J. and {Megeath}, S.~T. and {Furlan}, E. and {Ali}, B. and 
  {Stutz}, A.~M. and {Tobin}, J.~J. and {Osorio}, M. and {Stanke}, T. and 
  {Manoj}, P. and {Poteet}, C.~A. and {Booker}, J.~J. and {Hartmann}, L. and 
  {Wilson}, T.~L. and {Myers}, P.~C. and {Watson}, D.~M.},
    title = "{The Herschel Orion Protostar Survey: Luminosity and Envelope Evolution}",
  journal = {\apj},
archivePrefix = "arXiv",
   eprint = {1704.05847},
 primaryClass = "astro-ph.SR",
 keywords = {circumstellar matter, infrared: stars, stars: formation, stars: protostars},
     year = 2017,
    month = may,
   volume = 840,
      eid = {69},
    pages = {69},
      doi = {10.3847/1538-4357/aa6d69},
   adsurl = {http://adsabs.harvard.edu/abs/2017ApJ...840...69F},
  adsnote = {Provided by the SAO/NASA Astrophysics Data System}
}

@ARTICLE{2013PASP..125..306F,
   author = {{Foreman-Mackey}, D. and {Hogg}, D.~W. and {Lang}, D. and {Goodman}, J.
  },
    title = "{emcee: The MCMC Hammer}",
  journal = {\pasp},
archivePrefix = "arXiv",
   eprint = {1202.3665},
 primaryClass = "astro-ph.IM",
     year = 2013,
    month = mar,
   volume = 125,
    pages = {306},
      doi = {10.1086/670067},
   adsurl = {http://adsabs.harvard.edu/abs/2013PASP..125..306F},
  adsnote = {Provided by the SAO/NASA Astrophysics Data System}
}

@ARTICLE{2011PASJ...63....1H,
   author = {{Hirota}, T. and {Honma}, M. and {Imai}, H. and {Sunada}, K. and 
  {Ueno}, Y. and {Kobayashi}, H. and {Kawaguchi}, N.},
    title = "{Astrometry of H$_{2}$O Masers in Nearby Star-Forming Regions with VERA. IV. L 1448 C}",
  journal = {\pasj},
archivePrefix = "arXiv",
   eprint = {1007.4385},
     year = 2011,
    month = feb,
   volume = 63,
    pages = {1-8},
      doi = {10.1093/pasj/63.1.1},
   adsurl = {http://adsabs.harvard.edu/abs/2011PASJ...63....1H},
  adsnote = {Provided by the SAO/NASA Astrophysics Data System}
}

@ARTICLE{1992ApJ...396..178F,
   author = {{Fischer}, D.~A. and {Marcy}, G.~W.},
    title = "{Multiplicity among M dwarfs}",
  journal = {\apj},
 keywords = {Binary Stars, Companion Stars, Dwarf Stars, M Stars, Radial Velocity, Stellar Spectra, Late Stars, Sky Surveys (Astronomy), Statistical Analysis},
     year = 1992,
    month = sep,
   volume = 396,
    pages = {178-194},
      doi = {10.1086/171708},
   adsurl = {http://adsabs.harvard.edu/abs/1992ApJ...396..178F},
  adsnote = {Provided by the SAO/NASA Astrophysics Data System}
}

@ARTICLE{2008AJ....135.2526C,
   author = {{Connelley}, M.~S. and {Reipurth}, B. and {Tokunaga}, A.~T.},
    title = "{The Evolution of the Multiplicity of Embedded Protostars. II. Binary Separation Distribution and Analysis}",
  journal = {\aj},
archivePrefix = "arXiv",
   eprint = {0803.1172},
 keywords = {binaries: general, infrared: stars, stars: formation, stars: statistics},
     year = 2008,
    month = jun,
   volume = 135,
    pages = {2526-2536},
      doi = {10.1088/0004-6256/135/6/2526},
   adsurl = {http://adsabs.harvard.edu/abs/2008AJ....135.2526C},
  adsnote = {Provided by the SAO/NASA Astrophysics Data System}
}

@ARTICLE{1991AA...248..485D,
   author = {{Duquennoy}, A. and {Mayor}, M.},
    title = "{Multiplicity among solar-type stars in the solar neighbourhood. II - Distribution of the orbital elements in an unbiased sample}",
  journal = {\aap},
 keywords = {Binary Stars, Dwarf Stars, G Stars, Solar Neighborhood, Stellar Orbits, Brown Dwarf Stars, Orbital Elements, Peculiar Stars, Radial Velocity, Stellar Evolution, Variable Stars},
     year = 1991,
    month = aug,
   volume = 248,
    pages = {485-524},
   adsurl = {http://adsabs.harvard.edu/abs/1991A%26A...248..485D},
  adsnote = {Provided by the SAO/NASA Astrophysics Data System}
}

@ARTICLE{2013ApJ...768..110C,
   author = {{Chen}, X. and {Arce}, H.~G. and {Zhang}, Q. and {Bourke}, T.~L. and 
  {Launhardt}, R. and {J{\o}rgensen}, J.~K. and {Lee}, C.-F. and 
  {Foster}, J.~B. and {Dunham}, M.~M. and {Pineda}, J.~E. and 
  {Henning}, T.},
    title = "{SMA Observations of Class 0 Protostars: A High Angular Resolution Survey of Protostellar Binary Systems}",
  journal = {\apj},
archivePrefix = "arXiv",
   eprint = {1304.0436},
 primaryClass = "astro-ph.SR",
 keywords = {binaries: general, dust, extinction, ISM: clouds, stars: formation, techniques: interferometric},
     year = 2013,
    month = may,
   volume = 768,
      eid = {110},
    pages = {110},
      doi = {10.1088/0004-637X/768/2/110},
   adsurl = {http://adsabs.harvard.edu/abs/2013ApJ...768..110C},
  adsnote = {Provided by the SAO/NASA Astrophysics Data System}
}

@MISC{2012ascl.soft02015D,
   author = {{Dullemond}, C.~P. and {Juhasz}, A. and {Pohl}, A. and {Sereshti}, F. and 
  {Shetty}, R. and {Peters}, T. and {Commercon}, B. and {Flock}, M.
  },
    title = "{RADMC-3D: A multi-purpose radiative transfer tool}",
 keywords = {Software },
howpublished = {Astrophysics Source Code Library},
     year = 2012,
    month = feb,
archivePrefix = "ascl",
   eprint = {1202.015},
   adsurl = {http://adsabs.harvard.edu/abs/2012ascl.soft02015D},
  adsnote = {Provided by the SAO/NASA Astrophysics Data System}
}

@ARTICLE{2013ApJ...764..136B,
   author = {{Boss}, A.~P. and {Keiser}, S.~A.},
    title = "{Collapse and Fragmentation of Magnetic Molecular Cloud Cores with the Enzo AMR MHD Code. I. Uniform Density Spheres}",
  journal = {\apj},
archivePrefix = "arXiv",
   eprint = {1301.4495},
 primaryClass = "astro-ph.SR",
 keywords = {hydrodynamics, ISM: clouds, ISM: kinematics and dynamics, Magnetohydrodynamics: MHD, stars: formation },
     year = 2013,
    month = feb,
   volume = 764,
      eid = {136},
    pages = {136},
      doi = {10.1088/0004-637X/764/2/136},
   adsurl = {http://adsabs.harvard.edu/abs/2013ApJ...764..136B},
  adsnote = {Provided by the SAO/NASA Astrophysics Data System}
}

@ARTICLE{2006ApJ...651..301V,
   author = {{Volgenau}, N.~H. and {Mundy}, L.~G. and {Looney}, L.~W. and 
  {Welch}, W.~J.},
    title = "{Dense Cores with Multiple Protostars: The Velocity Fields of L1448 IRS 3, NGC 1333 IRAS 2, and NGC 1333 IRAS 4}",
  journal = {\apj},
 keywords = {Stars: Circumstellar Matter, ISM: Kinematics and Dynamics, Radio Lines: Stars, Stars: Formation, stars: individual (L1448 IRS 3), stars: individual (NGC 1333 IRAS 2), stars: individual (NGC 1333 IRAS 4), Turbulence},
     year = 2006,
    month = nov,
   volume = 651,
    pages = {301-320},
      doi = {10.1086/507437},
   adsurl = {http://adsabs.harvard.edu/abs/2006ApJ...651..301V},
  adsnote = {Provided by the SAO/NASA Astrophysics Data System}
}

@ARTICLE{2011ARAA..49...67W,
   author = {{Williams}, J.~P. and {Cieza}, L.~A.},
    title = "{Protoplanetary Disks and Their Evolution}",
  journal = {\araa},
archivePrefix = "arXiv",
   eprint = {1103.0556},
 primaryClass = "astro-ph.GA",
     year = 2011,
    month = sep,
   volume = 49,
    pages = {67-117},
      doi = {10.1146/annurev-astro-081710-102548},
   adsurl = {http://adsabs.harvard.edu/abs/2011ARA%26A..49...67W},
  adsnote = {Provided by the SAO/NASA Astrophysics Data System}
}

@ARTICLE{2014ApJ...788...59W,
   author = {{Williams}, J.~P. and {Best}, W.~M.~J.},
    title = "{A Parametric Modeling Approach to Measuring the Gas Masses of Circumstellar Disks}",
  journal = {\apj},
archivePrefix = "arXiv",
   eprint = {1312.0151},
 primaryClass = "astro-ph.EP",
 keywords = {circumstellar matter, planets and satellites: formation, protoplanetary disks},
     year = 2014,
    month = jun,
   volume = 788,
      eid = {59},
    pages = {59},
      doi = {10.1088/0004-637X/788/1/59},
   adsurl = {http://adsabs.harvard.edu/abs/2014ApJ...788...59W},
  adsnote = {Provided by the SAO/NASA Astrophysics Data System}
}

@ARTICLE{2017ApJ...846L..26W,
   author = {{Wu}, Y.-L. and {Sheehan}, P.~D.},
    title = "{An ALMA Dynamical Mass Estimate of the Proposed Planetary-mass Companion FW Tau C}",
  journal = {\apjl},
archivePrefix = "arXiv",
   eprint = {1708.08122},
 primaryClass = "astro-ph.EP",
 keywords = {accretion, accretion disks, planets and satellites: individual: FW Tau C, stars: individual: FW Tau, techniques: interferometric},
     year = 2017,
    month = sep,
   volume = 846,
      eid = {L26},
    pages = {L26},
      doi = {10.3847/2041-8213/aa8771},
   adsurl = {http://adsabs.harvard.edu/abs/2017ApJ...846L..26W},
  adsnote = {Provided by the SAO/NASA Astrophysics Data System}
}

@ARTICLE{2013ApJ...772...22Y,
   author = {{Yen}, H.-W. and {Takakuwa}, S. and {Ohashi}, N. and {Ho}, P.~T.~P.
  },
    title = "{Unveiling the Evolutionary Sequence from Infalling Envelopes to Keplerian Disks around Low-mass Protostars}",
  journal = {\apj},
archivePrefix = "arXiv",
   eprint = {1305.6877},
 primaryClass = "astro-ph.SR",
 keywords = {circumstellar matter, ISM: individual objects: B335 NGC 1333 IRAS 4B L1448-mm L1527 IRS TMC-1A L1489 IRS, ISM: kinematics and dynamics, ISM: molecules, stars: formation},
     year = 2013,
    month = jul,
   volume = 772,
      eid = {22},
    pages = {22},
      doi = {10.1088/0004-637X/772/1/22},
   adsurl = {http://adsabs.harvard.edu/abs/2013ApJ...772...22Y},
  adsnote = {Provided by the SAO/NASA Astrophysics Data System}
}

@ARTICLE{1974MNRAS.168..603L,
   author = {{Lynden-Bell}, D. and {Pringle}, J.~E.},
    title = "{The evolution of viscous discs and the origin of the nebular variables.}",
  journal = {\mnras},
     year = 1974,
    month = sep,
   volume = 168,
    pages = {603-637},
      doi = {10.1093/mnras/168.3.603},
   adsurl = {http://adsabs.harvard.edu/abs/1974MNRAS.168..603L},
  adsnote = {Provided by the SAO/NASA Astrophysics Data System}
}

@ARTICLE{2018MNRAS.476.4527T,
   author = {{Tazzari}, M. and {Beaujean}, F. and {Testi}, L.},
    title = "{GALARIO: a GPU accelerated library for analysing radio interferometer observations}",
  journal = {\mnras},
archivePrefix = "arXiv",
   eprint = {1709.06999},
 primaryClass = "astro-ph.IM",
 keywords = {methods: numerical, techniques: interferometric, submillimetre: general},
     year = 2018,
    month = jun,
   volume = 476,
    pages = {4527-4542},
      doi = {10.1093/mnras/sty409},
   adsurl = {http://adsabs.harvard.edu/abs/2018MNRAS.476.4527T},
  adsnote = {Provided by the SAO/NASA Astrophysics Data System}
}

@ARTICLE{2011AA...536A..79R,
   author = {{Robitaille}, T.~P.},
    title = "{HYPERION: an open-source parallelized three-dimensional dust continuum radiative transfer code}",
  journal = {\aap},
archivePrefix = "arXiv",
   eprint = {1112.1071},
 primaryClass = "astro-ph.IM",
 keywords = {methods: numerical, radiative transfer, scattering, polarization},
     year = 2011,
    month = dec,
   volume = 536,
      eid = {A79},
    pages = {A79},
      doi = {10.1051/0004-6361/201117150},
   adsurl = {http://adsabs.harvard.edu/abs/2011A%26A...536A..79R},
  adsnote = {Provided by the SAO/NASA Astrophysics Data System}
}

@ARTICLE{2006ApJ...646.1009K,
   author = {{Kirk}, H. and {Johnstone}, D. and {Di Francesco}, J.},
    title = "{The Large- and Small-Scale Structures of Dust in the Star-forming Perseus Molecular Cloud}",
  journal = {\apj},
   eprint = {astro-ph/0602089},
 keywords = {ISM: Clouds, Stars: Formation},
     year = 2006,
    month = aug,
   volume = 646,
    pages = {1009-1023},
      doi = {10.1086/503193},
   adsurl = {http://adsabs.harvard.edu/abs/2006ApJ...646.1009K},
  adsnote = {Provided by the SAO/NASA Astrophysics Data System}
}

@ARTICLE{1955ApJ...121..161S,
   author = {{Salpeter}, E.~E.},
    title = "{The Luminosity Function and Stellar Evolution.}",
  journal = {\apj},
     year = 1955,
    month = jan,
   volume = 121,
    pages = {161},
      doi = {10.1086/145971},
   adsurl = {http://adsabs.harvard.edu/abs/1955ApJ...121..161S},
  adsnote = {Provided by the SAO/NASA Astrophysics Data System}
}

@ARTICLE{2003ARAA..41...57L,
   author = {{Lada}, C.~J. and {Lada}, E.~A.},
    title = "{Embedded Clusters in Molecular Clouds}",
  journal = {\araa},
   eprint = {astro-ph/0301540},
     year = 2003,
   volume = 41,
    pages = {57-115},
      doi = {10.1146/annurev.astro.41.011802.094844},
   adsurl = {http://adsabs.harvard.edu/abs/2003ARA%26A..41...57L},
  adsnote = {Provided by the SAO/NASA Astrophysics Data System}
}

@ARTICLE{1998ApJ...501L.205K,
   author = {{Klessen}, R.~S. and {Burkert}, A. and {Bate}, M.~R.},
    title = "{Fragmentation of Molecular Clouds: The Initial Phase of a Stellar Cluster}",
  journal = {\apjl},
   eprint = {astro-ph/9805125},
 keywords = {ISM: KINEMATICS AND DYNAMICS, ISM: STRUCTURE, METHODS: NUMERICAL, STARS: FORMATION, ISM: Kinematics and Dynamics, ISM: Structure, Methods: Numerical, Stars: Formation},
     year = 1998,
    month = jul,
   volume = 501,
    pages = {L205-L208},
      doi = {10.1086/311471},
   adsurl = {http://adsabs.harvard.edu/abs/1998ApJ...501L.205K},
  adsnote = {Provided by the SAO/NASA Astrophysics Data System}
}

@ARTICLE{2015MNRAS.451..974D,
   author = {{Dipierro}, G. and {Pinilla}, P. and {Lodato}, G. and {Testi}, L.
  },
    title = "{Dust trapping by spiral arms in gravitationally unstable protostellar discs}",
  journal = {\mnras},
archivePrefix = "arXiv",
   eprint = {1504.08099},
 primaryClass = "astro-ph.SR",
 keywords = {accretion, accretion discs, gravitation, instabilities, planets and satellites: formation, stars: pre-main-sequence, submillimetre: stars},
     year = 2015,
    month = jul,
   volume = 451,
    pages = {974-986},
      doi = {10.1093/mnras/stv970},
   adsurl = {http://adsabs.harvard.edu/abs/2015MNRAS.451..974D},
  adsnote = {Provided by the SAO/NASA Astrophysics Data System}
}

@ARTICLE{2018arXiv180711262K,
   author = {{Kristensen}, L.~E. and {Dunham}, M.~M.},
    title = "{Protostellar half-life: new methodology and estimates}",
  journal = {ArXiv e-prints},
archivePrefix = "arXiv",
   eprint = {1807.11262},
 primaryClass = "astro-ph.SR",
 keywords = {Astrophysics - Solar and Stellar Astrophysics, Astrophysics - Astrophysics of Galaxies},
     year = 2018,
    month = jul,
   adsurl = {http://adsabs.harvard.edu/abs/2018arXiv180711262K},
  adsnote = {Provided by the SAO/NASA Astrophysics Data System}
}

@ARTICLE{1989ApJ...347..959A,
   author = {{Adams}, F.~C. and {Ruden}, S.~P. and {Shu}, F.~H.},
    title = "{Eccentric gravitational instabilities in nearly Keplerian disks}",
  journal = {\apj},
 keywords = {Eccentricity, Kepler Laws, Pre-Main Sequence Stars, Star Formation, Stellar Envelopes, Stellar Gravitation, Gravitational Effects, Protostars, Stellar Luminosity, Stellar Rotation},
     year = 1989,
    month = dec,
   volume = 347,
    pages = {959-976},
      doi = {10.1086/168187},
   adsurl = {http://adsabs.harvard.edu/abs/1989ApJ...347..959A},
  adsnote = {Provided by the SAO/NASA Astrophysics Data System}
}




